<record><leader>00000cas a22000007a 4500</leader><controlfield tag="001">38114353</controlfield><controlfield tag="008">971219d19681973meuzn ne      0    0eng d</controlfield><datafield ind1=" " ind2=" " tag="010"><subfield code="a">sn 97069024 </subfield></datafield><datafield ind1=" " ind2=" " tag="040"><subfield code="a">MBN</subfield><subfield code="b">eng</subfield><subfield code="c">MBN</subfield><subfield code="d">OCLCQ</subfield></datafield><datafield ind1=" " ind2=" " tag="042"><subfield code="a">msc</subfield></datafield><datafield ind1=" " ind2=" " tag="043"><subfield code="a">n-us-me</subfield></datafield><datafield ind1="0" ind2=" " tag="130"><subfield code="a">Sugarloaf irregular (Carrabassett Valley, Me. : 1968)</subfield></datafield><datafield ind1="1" ind2="0" tag="245"><subfield code="a">Sugarloaf irregular.</subfield></datafield><datafield ind1=" " ind2=" " tag="260"><subfield code="a">[S.l.] :</subfield><subfield code="b">Ed Rogers</subfield></datafield><datafield ind1=" " ind2=" " tag="300"><subfield code="a">v.</subfield></datafield><datafield ind1=" " ind2=" " tag="310"><subfield code="a">Biweekly (during the ski season); Monthly (during the summer)</subfield></datafield><datafield ind1="0" ind2=" " tag="362"><subfield code="a">Vol. 1, no. 1 (Mid Dec., 1968)-v. 5, no. 18 (June, 1973).</subfield></datafield><datafield ind1=" " ind2=" " tag="500"><subfield code="a">Sugarloaf is a mountain and ski area in Carrabassett Valley, Maine.</subfield></datafield><datafield ind1=" " ind2="0" tag="651"><subfield code="a">Carrabassett Valley (Me.)</subfield><subfield code="v">Newspapers.</subfield></datafield><datafield ind1=" " ind2=" " tag="752"><subfield code="a">United States</subfield><subfield code="b">Maine</subfield><subfield code="c">Franklin</subfield><subfield code="d">Carrabassett Valley.</subfield></datafield><datafield ind1="0" ind2="0" tag="785"><subfield code="t">Irregular at Sugarloaf</subfield><subfield code="w">(DLC)sn 97069025</subfield></datafield><datafield ind1="1" ind2=" " tag="029"><subfield code="a">AU@</subfield><subfield code="b">000013651815</subfield></datafield></record>